
<srw:record>
<srw:recordSchema>marcxchange</srw:recordSchema>
<srw:recordPacking>xml</srw:recordPacking>
<srw:recordData>
<mxc:record xmlns:mxc="info:lc/xmlns/marcxchange-v2" format="INTERMARC" id="ark:/12148/cb11179945j" type="Authority">   <mxc:leader>01254c0 ap22000272  45  </mxc:leader>   <mxc:controlfield tag="001">FRBNF111799453</mxc:controlfield>   <mxc:controlfield tag="003">http://catalogue.bnf.fr/ark:/12148/cb11179945j</mxc:controlfield>   <mxc:controlfield tag="008">970701061213oolatm          1285    ? 1360    ?            a 010 </mxc:controlfield>   <mxc:datafield tag="031" ind1=" " ind2=" ">      <mxc:subfield code="a">0000000079748943</mxc:subfield>      <mxc:subfield code="2">VIAF</mxc:subfield>      <mxc:subfield code="d">20130724</mxc:subfield>   </mxc:datafield>   <mxc:datafield tag="040" ind1=" " ind2=" ">      <mxc:subfield code="b">xdhh</mxc:subfield>   </mxc:datafield>   <mxc:datafield tag="045" ind1=" " ind2=" ">      <mxc:subfield code="a">a</mxc:subfield>   </mxc:datafield>   <mxc:datafield tag="100" ind1=" " ind2=" ">      <mxc:subfield code="w"> 0  b     </mxc:subfield>      <mxc:subfield code="a">Spechtshart</mxc:subfield>      <mxc:subfield code="m">Hugo</mxc:subfield>      <mxc:subfield code="d">1285?-1360?</mxc:subfield>   </mxc:datafield>   <mxc:datafield tag="400" ind1=" " ind2=" ">      <mxc:subfield code="w">    b     </mxc:subfield>      <mxc:subfield code="a">Hugo von Reutlingen</mxc:subfield>      <mxc:subfield code="d">1285?-1360?</mxc:subfield>   </mxc:datafield>   <mxc:datafield tag="400" ind1=" " ind2=" ">      <mxc:subfield code="w">    b     </mxc:subfield>      <mxc:subfield code="a">Reutlingen</mxc:subfield>      <mxc:subfield code="m">Hugo von</mxc:subfield>      <mxc:subfield code="d">1285?-1360?</mxc:subfield>   </mxc:datafield>   <mxc:datafield tag="400" ind1=" " ind2=" ">      <mxc:subfield code="w">    b     </mxc:subfield>      <mxc:subfield code="a">Spechtshart von Reutlingen</mxc:subfield>      <mxc:subfield code="m">Hugo</mxc:subfield>      <mxc:subfield code="d">1285?-1360?</mxc:subfield>   </mxc:datafield>   <mxc:datafield tag="400" ind1=" " ind2=" ">      <mxc:subfield code="w">    b lat </mxc:subfield>      <mxc:subfield code="a">Hugo Reutlingensis</mxc:subfield>      <mxc:subfield code="d">1285?-1360?</mxc:subfield>   </mxc:datafield>   <mxc:datafield tag="400" ind1=" " ind2=" ">      <mxc:subfield code="w">    b fre </mxc:subfield>      <mxc:subfield code="a">Hugo de Reutlingen</mxc:subfield>      <mxc:subfield code="d">1285?-1360?</mxc:subfield>   </mxc:datafield>   <mxc:datafield tag="400" ind1=" " ind2=" ">      <mxc:subfield code="w">    b eng </mxc:subfield>      <mxc:subfield code="a">Hugo of Reutlingen</mxc:subfield>      <mxc:subfield code="d">1285?-1360?</mxc:subfield>   </mxc:datafield>   <mxc:datafield tag="600" ind1=" " ind2=" ">      <mxc:subfield code="a">Prêtre</mxc:subfield>      <mxc:subfield code="a">Théoricien du chant grégorien</mxc:subfield>      <mxc:subfield code="a">Mort entre mai 1359 et avril 1360</mxc:subfield>   </mxc:datafield>   <mxc:datafield tag="610" ind1=" " ind2=" ">      <mxc:subfield code="a">Flores musicae / Spechtshart, 2005 [fac-sim.]</mxc:subfield>      <mxc:subfield code="a">Flores musice omnis cantus Gregoriani / von Hugo von Reutligen, 1868</mxc:subfield>      <mxc:subfield code="a">Flores musicae, 1332-42 / Hugo Spechtshart von Reutlingen, 1958</mxc:subfield>   </mxc:datafield>   <mxc:datafield tag="610" ind1=" " ind2=" ">      <mxc:subfield code="a">Normdaten (CD), 2005-01</mxc:subfield>      <mxc:subfield code="a">Potthast 2 : Hugo Spechtshart von Reutlingen</mxc:subfield>      <mxc:subfield code="a">PMA</mxc:subfield>      <mxc:subfield code="a">Grove music online : Spechtshart, Hugo [Hugo of Reutlingen]</mxc:subfield>      <mxc:subfield code="u">http://www.grovemusic.com</mxc:subfield>      <mxc:subfield code="d">2006-04-04</mxc:subfield>      <mxc:subfield code="a">Buchwald : Spechtshart (Hugo S. de Reutligen)</mxc:subfield>   </mxc:datafield>   <mxc:datafield tag="610" ind1=" " ind2=" ">      <mxc:subfield code="a">BN Cat. gén. : Spechtshart (Hugo), dit Hugo von Reutlingen</mxc:subfield>      <mxc:subfield code="a">BN Cat. gén. suppl. : Hugo von Reutlingen</mxc:subfield>      <mxc:subfield code="a">Écorcheville : Reutligen (Hugo von)</mxc:subfield>   </mxc:datafield>   <mxc:datafield tag="996" ind1=" " ind2=" ">      <mxc:subfield code="o">OPP</mxc:subfield>      <mxc:subfield code="a">10720993</mxc:subfield>      <mxc:subfield code="d">20061213</mxc:subfield>   </mxc:datafield>   <mxc:datafield tag="996" ind1=" " ind2=" ">      <mxc:subfield code="o">OPP</mxc:subfield>      <mxc:subfield code="a">13368999</mxc:subfield>      <mxc:subfield code="d">20061213</mxc:subfield>   </mxc:datafield>
</mxc:record>      </srw:recordData>
<srw:recordIdentifier>ark:/12148/cb11179945j</srw:recordIdentifier>
<srw:recordPosition>2</srw:recordPosition>
<srw:extraRecordData>
<ixm:attr name="CreationDate">19970701</ixm:attr>
<ixm:attr name="LastModificationDate">20191213</ixm:attr>
<mn:score>5.8638344</mn:score>
</srw:extraRecordData>
</srw:record>