
<srw:record>
<srw:recordSchema>marcxchange</srw:recordSchema>
<srw:recordPacking>xml</srw:recordPacking>
<srw:recordData>
<mxc:record xmlns:mxc="info:lc/xmlns/marcxchange-v2" format="INTERMARC" id="ark:/12148/cb171080576" type="Authority">   <mxc:leader>00499n1 ap2200027   45  </mxc:leader>   <mxc:controlfield tag="001">FRBNF171080576</mxc:controlfield>   <mxc:controlfield tag="003">http://catalogue.bnf.fr/ark:/12148/cb171080576</mxc:controlfield>   <mxc:controlfield tag="008">170215      frfrem          19..                           a 1   </mxc:controlfield>   <mxc:datafield tag="031" ind1=" " ind2=" ">      <mxc:subfield code="a">0000000459969502</mxc:subfield>      <mxc:subfield code="2">ISNI</mxc:subfield>      <mxc:subfield code="d">20170224</mxc:subfield>   </mxc:datafield>   <mxc:datafield tag="045" ind1=" " ind2=" ">      <mxc:subfield code="a">a</mxc:subfield>   </mxc:datafield>   <mxc:datafield tag="100" ind1=" " ind2=" ">      <mxc:subfield code="w"> 0  b     </mxc:subfield>      <mxc:subfield code="a">Hugo</mxc:subfield>      <mxc:subfield code="m">Jean Baptiste</mxc:subfield>   </mxc:datafield>   <mxc:datafield tag="600" ind1=" " ind2=" ">      <mxc:subfield code="a">Photographe</mxc:subfield>      <mxc:subfield code="a">Fils du peintre : Hugo, Jean (1894-1984)</mxc:subfield>   </mxc:datafield>   <mxc:datafield tag="610" ind1=" " ind2=" ">      <mxc:subfield code="a">Hauteville House [Texte imprimé] : Victor Hugo décorateur / peintures, Marie Hugo ; photographies, Jean Baptiste Hugo ; choix des textes, Laura Hugo. - Paris ; Guernesey : Maisons de Victor Hugo ; Paris : Paris musées, DL 2016.</mxc:subfield>   </mxc:datafield>
</mxc:record>      </srw:recordData>
<srw:recordIdentifier>ark:/12148/cb171080576</srw:recordIdentifier>
<srw:recordPosition>3</srw:recordPosition>
<srw:extraRecordData>
<ixm:attr name="CreationDate">20170215</ixm:attr>
<ixm:attr name="LastModificationDate">20170224</ixm:attr>
<mn:score>5.8526053</mn:score>
</srw:extraRecordData>
</srw:record>