
<srw:record>
<srw:recordSchema>marcxchange</srw:recordSchema>
<srw:recordPacking>xml</srw:recordPacking>
<srw:recordData>
<mxc:record xmlns:mxc="info:lc/xmlns/marcxchange-v2" format="INTERMARC" id="ark:/12148/cb13757502k" type="Authority">   <mxc:leader>01220c0 ap22000272  45  </mxc:leader>   <mxc:controlfield tag="001">FRBNF137575028</mxc:controlfield>   <mxc:controlfield tag="003">http://catalogue.bnf.fr/ark:/12148/cb13757502k</mxc:controlfield>   <mxc:controlfield tag="008">011220240223atmulm          18750308  19400503             a 1   </mxc:controlfield>   <mxc:datafield tag="031" ind1=" " ind2=" ">      <mxc:subfield code="a">0000000079877702</mxc:subfield>      <mxc:subfield code="2">VIAF</mxc:subfield>      <mxc:subfield code="d">20130731</mxc:subfield>   </mxc:datafield>   <mxc:datafield tag="041" ind1=" " ind2=" ">      <mxc:subfield code="a">ita</mxc:subfield>      <mxc:subfield code="a">ger</mxc:subfield>   </mxc:datafield>   <mxc:datafield tag="045" ind1=" " ind2=" ">      <mxc:subfield code="a">a</mxc:subfield>   </mxc:datafield>   <mxc:datafield tag="100" ind1=" " ind2=" ">      <mxc:subfield code="w">.0..b.....</mxc:subfield>      <mxc:subfield code="a">De Rossi</mxc:subfield>      <mxc:subfield code="m">Hugo</mxc:subfield>      <mxc:subfield code="d">1875-1940</mxc:subfield>   </mxc:datafield>   <mxc:datafield tag="400" ind1=" " ind2=" ">      <mxc:subfield code="w">....b.....</mxc:subfield>      <mxc:subfield code="a">Rossi</mxc:subfield>      <mxc:subfield code="m">Hugo De</mxc:subfield>   </mxc:datafield>   <mxc:datafield tag="400" ind1=" " ind2=" ">      <mxc:subfield code="w">....b.....</mxc:subfield>      <mxc:subfield code="a">De Rossi Di Santa Giuliana</mxc:subfield>      <mxc:subfield code="m">Hugo</mxc:subfield>   </mxc:datafield>   <mxc:datafield tag="400" ind1=" " ind2=" ">      <mxc:subfield code="w">....b.....</mxc:subfield>      <mxc:subfield code="a">Di Santa Giuliana</mxc:subfield>      <mxc:subfield code="m">Hugo De Rossi</mxc:subfield>   </mxc:datafield>   <mxc:datafield tag="400" ind1=" " ind2=" ">      <mxc:subfield code="w">....b.....</mxc:subfield>      <mxc:subfield code="a">Rossi</mxc:subfield>      <mxc:subfield code="m">Hugo von</mxc:subfield>   </mxc:datafield>   <mxc:datafield tag="400" ind1=" " ind2=" ">      <mxc:subfield code="w">....b.....</mxc:subfield>      <mxc:subfield code="a">Von Rossi</mxc:subfield>      <mxc:subfield code="m">Hugo</mxc:subfield>   </mxc:datafield>   <mxc:datafield tag="400" ind1=" " ind2=" ">      <mxc:subfield code="w">....b.....</mxc:subfield>      <mxc:subfield code="a">Rossi de Santa Juliana</mxc:subfield>      <mxc:subfield code="m">Hugo von</mxc:subfield>   </mxc:datafield>   <mxc:datafield tag="400" ind1=" " ind2=" ">      <mxc:subfield code="w">....b.....</mxc:subfield>      <mxc:subfield code="a">Santa Juliana</mxc:subfield>      <mxc:subfield code="m">Hugo von Rossi de</mxc:subfield>   </mxc:datafield>   <mxc:datafield tag="400" ind1=" " ind2=" ">      <mxc:subfield code="w">....b.....</mxc:subfield>      <mxc:subfield code="a">Rossi Santa Juliana</mxc:subfield>      <mxc:subfield code="m">Hugo von</mxc:subfield>   </mxc:datafield>   <mxc:datafield tag="400" ind1=" " ind2=" ">      <mxc:subfield code="w">....b.....</mxc:subfield>      <mxc:subfield code="a">Santa Juliana</mxc:subfield>      <mxc:subfield code="m">Hugo von Rossi</mxc:subfield>   </mxc:datafield>   <mxc:datafield tag="400" ind1=" " ind2=" ">      <mxc:subfield code="w">....b.....</mxc:subfield>      <mxc:subfield code="a">Von Rossi de Santa Juliana</mxc:subfield>      <mxc:subfield code="m">Hugo</mxc:subfield>   </mxc:datafield>   <mxc:datafield tag="400" ind1=" " ind2=" ">      <mxc:subfield code="w">....b.....</mxc:subfield>      <mxc:subfield code="a">Von Rossi Santa Juliana</mxc:subfield>      <mxc:subfield code="m">Hugo</mxc:subfield>   </mxc:datafield>   <mxc:datafield tag="600" ind1=" " ind2=" ">      <mxc:subfield code="a">Officier</mxc:subfield>      <mxc:subfield code="a">Linguiste, spécialiste du dialecte ladin</mxc:subfield>   </mxc:datafield>   <mxc:datafield tag="603" ind1=" " ind2=" ">      <mxc:subfield code="a">Pozza di Fassa (Italie)</mxc:subfield>      <mxc:subfield code="b">Innsbruck (Autriche)</mxc:subfield>   </mxc:datafield>   <mxc:datafield tag="610" ind1=" " ind2=" ">      <mxc:subfield code="a">Vocabolario ladino (brach) - tedesco, con trad. italiana  / Hugo von Rossi ; a cura di Ulrike Kindl e Fabio Chiocchetti = Ladinisches Wörterbuch, 1999</mxc:subfield>   </mxc:datafield>   <mxc:datafield tag="610" ind1=" " ind2=" ">      <mxc:subfield code="a">Bibliothèque nationale, autorités, Allemagne</mxc:subfield>      <mxc:subfield code="u"> https://d-nb.info/gnd/122390547</mxc:subfield>      <mxc:subfield code="d">2024-02-23</mxc:subfield>      <mxc:subfield code="a">Istituto centrale per il catalogo unico</mxc:subfield>      <mxc:subfield code="u">http://opac.sbn.it</mxc:subfield>      <mxc:subfield code="d">2024-02-23</mxc:subfield>   </mxc:datafield>   <mxc:datafield tag="907" ind1=" " ind2=" ">      <mxc:subfield code="o">GEA</mxc:subfield>      <mxc:subfield code="a">009794035</mxc:subfield>   </mxc:datafield>   <mxc:datafield tag="917" ind1=" " ind2=" ">      <mxc:subfield code="o">OPL</mxc:subfield>      <mxc:subfield code="a">015843049</mxc:subfield>   </mxc:datafield>
</mxc:record>      </srw:recordData>
<srw:recordIdentifier>ark:/12148/cb13757502k</srw:recordIdentifier>
<srw:recordPosition>4</srw:recordPosition>
<srw:extraRecordData>
<ixm:attr name="CreationDate">20011220</ixm:attr>
<ixm:attr name="LastModificationDate">20240223</ixm:attr>
<mn:score>5.609277</mn:score>
</srw:extraRecordData>
</srw:record>