
<srw:record>
<srw:recordSchema>marcxchange</srw:recordSchema>
<srw:recordPacking>xml</srw:recordPacking>
<srw:recordData>
<mxc:record xmlns:mxc="info:lc/xmlns/marcxchange-v2" format="INTERMARC" id="ark:/12148/cb12248286n" type="Authority">   <mxc:leader>00886c0 ap22000272  45  </mxc:leader>   <mxc:controlfield tag="001">FRBNF122482867</mxc:controlfield>   <mxc:controlfield tag="003">http://catalogue.bnf.fr/ark:/12148/cb12248286n</mxc:controlfield>   <mxc:controlfield tag="008">920515190517xxlatm          12..      12..                 a 010 </mxc:controlfield>   <mxc:datafield tag="031" ind1=" " ind2=" ">      <mxc:subfield code="a">0000000374442410</mxc:subfield>      <mxc:subfield code="2">ISNI</mxc:subfield>      <mxc:subfield code="d">20160215</mxc:subfield>   </mxc:datafield>   <mxc:datafield tag="045" ind1=" " ind2=" ">      <mxc:subfield code="a">a</mxc:subfield>   </mxc:datafield>   <mxc:datafield tag="100" ind1=" " ind2=" ">      <mxc:subfield code="w">.0..b.....</mxc:subfield>      <mxc:subfield code="a">Hugo Matisconensis</mxc:subfield>   </mxc:datafield>   <mxc:datafield tag="202" ind1=" " ind2=" ">      <mxc:subfield code="a">Ne pas confondre avec Hugo Matisconensis Pontiniacensis (Hugo de Mâcon, abbé de Pontigny, évêque d'Auxerre ; 1082?-1151)</mxc:subfield>   </mxc:datafield>   <mxc:datafield tag="400" ind1=" " ind2=" ">      <mxc:subfield code="w">....b.....</mxc:subfield>      <mxc:subfield code="a">Hugo de Mâcon</mxc:subfield>   </mxc:datafield>   <mxc:datafield tag="400" ind1=" " ind2=" ">      <mxc:subfield code="w">....b.....</mxc:subfield>      <mxc:subfield code="a">Hugo de Matiscone</mxc:subfield>   </mxc:datafield>   <mxc:datafield tag="400" ind1=" " ind2=" ">      <mxc:subfield code="w">....b.....</mxc:subfield>      <mxc:subfield code="a">Hugo Matisconus</mxc:subfield>   </mxc:datafield>   <mxc:datafield tag="400" ind1=" " ind2=" ">      <mxc:subfield code="w">....b.....</mxc:subfield>      <mxc:subfield code="a">Hugo von Mâcon</mxc:subfield>   </mxc:datafield>   <mxc:datafield tag="600" ind1=" " ind2=" ">      <mxc:subfield code="a">Poète</mxc:subfield>      <mxc:subfield code="a">A porté le titre de "Magister"</mxc:subfield>      <mxc:subfield code="a">D'origine anglaise?</mxc:subfield>   </mxc:datafield>   <mxc:datafield tag="610" ind1=" " ind2=" ">      <mxc:subfield code="a">Die "Gesta militum" des Hugo von Mâcon / hrsg. von Ewald Könsgen, 1990</mxc:subfield>   </mxc:datafield>   <mxc:datafield tag="610" ind1=" " ind2=" ">      <mxc:subfield code="a">Lexikon des Mittelalters, 1991 : Hugo von Mâcon</mxc:subfield>   </mxc:datafield>   <mxc:datafield tag="612" ind1=" " ind2=" ">      <mxc:subfield code="a">BN Cat. gén. ; BN Cat. gén. 1960-1969</mxc:subfield>      <mxc:subfield code="a">GLE ; Stammler, 1977 ; Clavis scriptorum graecorum et latinorum</mxc:subfield>   </mxc:datafield>   <mxc:datafield tag="907" ind1=" " ind2=" ">      <mxc:subfield code="o">GEA</mxc:subfield>      <mxc:subfield code="a">00390802X</mxc:subfield>      <mxc:subfield code="b">AMA</mxc:subfield>   </mxc:datafield>   <mxc:datafield tag="907" ind1=" " ind2=" ">      <mxc:subfield code="o">GEA</mxc:subfield>      <mxc:subfield code="a">003519598</mxc:subfield>      <mxc:subfield code="b">APP</mxc:subfield>   </mxc:datafield>   <mxc:datafield tag="917" ind1=" " ind2=" ">      <mxc:subfield code="o">OPL</mxc:subfield>      <mxc:subfield code="a">008467529</mxc:subfield>      <mxc:subfield code="b">AMA</mxc:subfield>   </mxc:datafield>   <mxc:datafield tag="917" ind1=" " ind2=" ">      <mxc:subfield code="o">OPL</mxc:subfield>      <mxc:subfield code="a">008160786</mxc:subfield>      <mxc:subfield code="b">APP</mxc:subfield>   </mxc:datafield>
</mxc:record>      </srw:recordData>
<srw:recordIdentifier>ark:/12148/cb12248286n</srw:recordIdentifier>
<srw:recordPosition>5</srw:recordPosition>
<srw:extraRecordData>
<ixm:attr name="CreationDate">19920515</ixm:attr>
<ixm:attr name="LastModificationDate">20190517</ixm:attr>
<mn:score>5.6011705</mn:score>
</srw:extraRecordData>
</srw:record>