
<srw:record>
<srw:recordSchema>marcxchange</srw:recordSchema>
<srw:recordPacking>xml</srw:recordPacking>
<srw:recordData>
<mxc:record xmlns:mxc="info:lc/xmlns/marcxchange-v2" format="INTERMARC" id="ark:/12148/cb15875477k" type="Authority">   <mxc:leader>00312n1 ap22000272  45  </mxc:leader>   <mxc:controlfield tag="001">FRBNF158754778</mxc:controlfield>   <mxc:controlfield tag="003">http://catalogue.bnf.fr/ark:/12148/cb15875477k</mxc:controlfield>   <mxc:controlfield tag="008">081211      xxengm          19..                           a 1   </mxc:controlfield>   <mxc:datafield tag="045" ind1=" " ind2=" ">      <mxc:subfield code="a">a</mxc:subfield>   </mxc:datafield>   <mxc:datafield tag="100" ind1=" " ind2=" ">      <mxc:subfield code="w">.0..b.....</mxc:subfield>      <mxc:subfield code="a">Zsolt de Sousa</mxc:subfield>      <mxc:subfield code="m">Hugo</mxc:subfield>   </mxc:datafield>   <mxc:datafield tag="400" ind1=" " ind2=" ">      <mxc:subfield code="w">....b.....</mxc:subfield>      <mxc:subfield code="a">De Sousa</mxc:subfield>      <mxc:subfield code="m">Hugo Zsolt</mxc:subfield>   </mxc:datafield>   <mxc:datafield tag="400" ind1=" " ind2=" ">      <mxc:subfield code="w">    b     </mxc:subfield>      <mxc:subfield code="a">Sousa</mxc:subfield>      <mxc:subfield code="m">Hugo Zsolt de</mxc:subfield>   </mxc:datafield>   <mxc:datafield tag="610" ind1=" " ind2=" ">      <mxc:subfield code="a">The ECB and monetary policy / Hugo Zsolt de Sousa, cop. 2003</mxc:subfield>   </mxc:datafield>
</mxc:record>      </srw:recordData>
<srw:recordIdentifier>ark:/12148/cb15875477k</srw:recordIdentifier>
<srw:recordPosition>6</srw:recordPosition>
<srw:extraRecordData>
<ixm:attr name="CreationDate">20081211</ixm:attr>
<ixm:attr name="LastModificationDate">20081211</ixm:attr>
<mn:score>5.568497</mn:score>
</srw:extraRecordData>
</srw:record>