
<srw:record>
<srw:recordSchema>marcxchange</srw:recordSchema>
<srw:recordPacking>xml</srw:recordPacking>
<srw:recordData>
<mxc:record xmlns:mxc="info:lc/xmlns/marcxchange-v2" format="INTERMARC" id="ark:/12148/cb12446219c" type="Authority">   <mxc:leader>01542c0 ap22000272  45  </mxc:leader>   <mxc:controlfield tag="001">FRBNF124462190</mxc:controlfield>   <mxc:controlfield tag="003">http://catalogue.bnf.fr/ark:/12148/cb12446219c</mxc:controlfield>   <mxc:controlfield tag="008">950209131204xxlatm          1200    ? 1268                 a 010 </mxc:controlfield>   <mxc:datafield tag="031" ind1=" " ind2=" ">      <mxc:subfield code="a">0000000061756304</mxc:subfield>      <mxc:subfield code="2">ISNI</mxc:subfield>      <mxc:subfield code="d">20161108</mxc:subfield>   </mxc:datafield>   <mxc:datafield tag="031" ind1=" " ind2=" ">      <mxc:subfield code="z">0000000116552764</mxc:subfield>      <mxc:subfield code="2">VIAF</mxc:subfield>      <mxc:subfield code="d">20130726</mxc:subfield>   </mxc:datafield>   <mxc:datafield tag="045" ind1=" " ind2=" ">      <mxc:subfield code="a">a</mxc:subfield>   </mxc:datafield>   <mxc:datafield tag="100" ind1=" " ind2=" ">      <mxc:subfield code="w">.0..b.....</mxc:subfield>      <mxc:subfield code="a">Hugo Ripelinus Argentoratensis</mxc:subfield>      <mxc:subfield code="d">1200?-1268</mxc:subfield>   </mxc:datafield>   <mxc:datafield tag="400" ind1=" " ind2=" ">      <mxc:subfield code="w">....b.fre.</mxc:subfield>      <mxc:subfield code="a">Hughes de Strasbourg</mxc:subfield>      <mxc:subfield code="d">1200?-1268</mxc:subfield>   </mxc:datafield>   <mxc:datafield tag="400" ind1=" " ind2=" ">      <mxc:subfield code="w">....b.lat.</mxc:subfield>      <mxc:subfield code="a">Hugo Argentinensis</mxc:subfield>      <mxc:subfield code="d">1200?-1268</mxc:subfield>   </mxc:datafield>   <mxc:datafield tag="400" ind1=" " ind2=" ">      <mxc:subfield code="w">....b.lat.</mxc:subfield>      <mxc:subfield code="a">Hugo de Argentina</mxc:subfield>      <mxc:subfield code="d">1200?-1268</mxc:subfield>   </mxc:datafield>   <mxc:datafield tag="400" ind1=" " ind2=" ">      <mxc:subfield code="w">....b.ger.</mxc:subfield>      <mxc:subfield code="a">Hugo Ripelin</mxc:subfield>      <mxc:subfield code="d">1200?-1268</mxc:subfield>   </mxc:datafield>   <mxc:datafield tag="400" ind1=" " ind2=" ">      <mxc:subfield code="w">....b.ger.</mxc:subfield>      <mxc:subfield code="a">Hugo Ripelin von Strassburg</mxc:subfield>      <mxc:subfield code="d">1200?-1268</mxc:subfield>   </mxc:datafield>   <mxc:datafield tag="400" ind1=" " ind2=" ">      <mxc:subfield code="w">....b.ger.</mxc:subfield>      <mxc:subfield code="a">Hugo von Strassburg</mxc:subfield>      <mxc:subfield code="d">1200?-1268</mxc:subfield>   </mxc:datafield>   <mxc:datafield tag="400" ind1=" " ind2=" ">      <mxc:subfield code="w">....b.fre.</mxc:subfield>      <mxc:subfield code="a">Hugues de Strasbourg</mxc:subfield>      <mxc:subfield code="d">1200?-1268</mxc:subfield>   </mxc:datafield>   <mxc:datafield tag="400" ind1=" " ind2=" ">      <mxc:subfield code="w">....b.ger.</mxc:subfield>      <mxc:subfield code="a">Ripelin</mxc:subfield>      <mxc:subfield code="m">Hugo</mxc:subfield>      <mxc:subfield code="d">1200?-1268</mxc:subfield>   </mxc:datafield>   <mxc:datafield tag="400" ind1=" " ind2=" ">      <mxc:subfield code="w">....b.ger.</mxc:subfield>      <mxc:subfield code="a">Ripelin von Strassburg</mxc:subfield>      <mxc:subfield code="m">Hugo</mxc:subfield>      <mxc:subfield code="d">1200?-1268</mxc:subfield>   </mxc:datafield>   <mxc:datafield tag="400" ind1=" " ind2=" ">      <mxc:subfield code="w">....b.ger.</mxc:subfield>      <mxc:subfield code="a">Ripelins von Strassburg</mxc:subfield>      <mxc:subfield code="m">Hugo</mxc:subfield>      <mxc:subfield code="d">1200?-1268</mxc:subfield>   </mxc:datafield>   <mxc:datafield tag="600" ind1=" " ind2=" ">      <mxc:subfield code="a">Dominicain</mxc:subfield>      <mxc:subfield code="a">Théologien</mxc:subfield>      <mxc:subfield code="a">Pas de forme française  attesté̲e, 1995-02-09</mxc:subfield>   </mxc:datafield>   <mxc:datafield tag="610" ind1=" " ind2=" ">      <mxc:subfield code="a">Le somme abregiet de theologie : kritische Edition der französischen Übersetzung von Hugo Ripelins von Strassburg "Compendium theologicae vertitatis" [sic] / [bearb. von] Christa Michler, 1982</mxc:subfield>   </mxc:datafield>   <mxc:datafield tag="610" ind1=" " ind2=" ">      <mxc:subfield code="a">Clavis SGL</mxc:subfield>      <mxc:subfield code="a">PMA : Hugo Argentinensis</mxc:subfield>      <mxc:subfield code="a">Stammler, 1978 : Hugo Ripelin von Strassburg</mxc:subfield>      <mxc:subfield code="a">Brockhaus, 17. Aufl. : Hugo von Strassburg</mxc:subfield>      <mxc:subfield code="a">Lit. Lex. / W. Killy : Ripelin von Strassburg, Hugo</mxc:subfield>   </mxc:datafield>   <mxc:datafield tag="610" ind1=" " ind2=" ">      <mxc:subfield code="a">BN Cat. gén. : Hugues de Strasbourg</mxc:subfield>   </mxc:datafield>   <mxc:datafield tag="612" ind1=" " ind2=" ">      <mxc:subfield code="a">BN Cat. gén. 1960-1969</mxc:subfield>      <mxc:subfield code="a">Larousse 19e s.</mxc:subfield>      <mxc:subfield code="a">GDEL</mxc:subfield>      <mxc:subfield code="a">Potthast</mxc:subfield>      <mxc:subfield code="a">Van Tieghem</mxc:subfield>      <mxc:subfield code="a">Laffont-Bompiani, Auteurs</mxc:subfield>   </mxc:datafield>   <mxc:datafield tag="907" ind1=" " ind2=" ">      <mxc:subfield code="o">GEA</mxc:subfield>      <mxc:subfield code="a">000824915</mxc:subfield>      <mxc:subfield code="b">AMA</mxc:subfield>   </mxc:datafield>   <mxc:datafield tag="907" ind1=" " ind2=" ">      <mxc:subfield code="o">GEA</mxc:subfield>      <mxc:subfield code="a">005887481</mxc:subfield>      <mxc:subfield code="b">APP</mxc:subfield>   </mxc:datafield>   <mxc:datafield tag="917" ind1=" " ind2=" ">      <mxc:subfield code="o">OPL</mxc:subfield>      <mxc:subfield code="a">001841052</mxc:subfield>      <mxc:subfield code="b">AMA</mxc:subfield>   </mxc:datafield>   <mxc:datafield tag="917" ind1=" " ind2=" ">      <mxc:subfield code="o">OPL</mxc:subfield>      <mxc:subfield code="a">010918697</mxc:subfield>      <mxc:subfield code="b">APP</mxc:subfield>   </mxc:datafield>   <mxc:datafield tag="996" ind1=" " ind2=" ">      <mxc:subfield code="o">OPP</mxc:subfield>      <mxc:subfield code="a">10527220</mxc:subfield>      <mxc:subfield code="d">20131204</mxc:subfield>   </mxc:datafield>
</mxc:record>      </srw:recordData>
<srw:recordIdentifier>ark:/12148/cb12446219c</srw:recordIdentifier>
<srw:recordPosition>7</srw:recordPosition>
<srw:extraRecordData>
<ixm:attr name="CreationDate">19950209</ixm:attr>
<ixm:attr name="LastModificationDate">20161108</ixm:attr>
<mn:score>5.5191307</mn:score>
</srw:extraRecordData>
</srw:record>