
<srw:record>
<srw:recordSchema>marcxchange</srw:recordSchema>
<srw:recordPacking>xml</srw:recordPacking>
<srw:recordData>
<mxc:record xmlns:mxc="info:lc/xmlns/marcxchange-v2" format="INTERMARC" id="ark:/12148/cb150391943" type="Authority">   <mxc:leader>00614c1 ap22000272  45  </mxc:leader>   <mxc:controlfield tag="001">FRBNF150391944</mxc:controlfield>   <mxc:controlfield tag="003">http://catalogue.bnf.fr/ark:/12148/cb150391943</mxc:controlfield>   <mxc:controlfield tag="008">060202071115xxspam          1948                           a 1   </mxc:controlfield>   <mxc:datafield tag="031" ind1=" " ind2=" ">      <mxc:subfield code="a">0000000053843205</mxc:subfield>      <mxc:subfield code="2">VIAF</mxc:subfield>      <mxc:subfield code="d">20130805</mxc:subfield>   </mxc:datafield>   <mxc:datafield tag="045" ind1=" " ind2=" ">      <mxc:subfield code="a">a</mxc:subfield>   </mxc:datafield>   <mxc:datafield tag="100" ind1=" " ind2=" ">      <mxc:subfield code="w">.0..b.....</mxc:subfield>      <mxc:subfield code="a">Rosati Aguerre</mxc:subfield>      <mxc:subfield code="m">Hugo</mxc:subfield>      <mxc:subfield code="d">1948-....</mxc:subfield>   </mxc:datafield>   <mxc:datafield tag="400" ind1=" " ind2=" ">      <mxc:subfield code="w">....b.....</mxc:subfield>      <mxc:subfield code="a">Aguerre</mxc:subfield>      <mxc:subfield code="m">Hugo Rosati</mxc:subfield>      <mxc:subfield code="d">1948-....</mxc:subfield>   </mxc:datafield>   <mxc:datafield tag="400" ind1=" " ind2=" ">      <mxc:subfield code="w">....b.....</mxc:subfield>      <mxc:subfield code="a">Rosati</mxc:subfield>      <mxc:subfield code="m">Hugo</mxc:subfield>      <mxc:subfield code="d">1948-....</mxc:subfield>   </mxc:datafield>   <mxc:datafield tag="400" ind1=" " ind2=" ">      <mxc:subfield code="w">....b.....</mxc:subfield>      <mxc:subfield code="a">Rosati A.</mxc:subfield>      <mxc:subfield code="m">Hugo</mxc:subfield>      <mxc:subfield code="d">1948-....</mxc:subfield>   </mxc:datafield>   <mxc:datafield tag="600" ind1=" " ind2=" ">      <mxc:subfield code="a">Historien spécialiste de l'Amérique coloniale</mxc:subfield>   </mxc:datafield>   <mxc:datafield tag="610" ind1=" " ind2=" ">      <mxc:subfield code="a">Guamán Poma : testigo del mundo andino / Carlos González, Hugo Rosati, Francisco Sánchez, cop. 2002</mxc:subfield>   </mxc:datafield>   <mxc:datafield tag="610" ind1=" " ind2=" ">      <mxc:subfield code="a">Biblioteca nacional de Chile : Rosati A., Hugo, 1948-</mxc:subfield>      <mxc:subfield code="u">http://www.bncatalogo.cl</mxc:subfield>      <mxc:subfield code="d">2007-11-15</mxc:subfield>   </mxc:datafield>
</mxc:record>      </srw:recordData>
<srw:recordIdentifier>ark:/12148/cb150391943</srw:recordIdentifier>
<srw:recordPosition>8</srw:recordPosition>
<srw:extraRecordData>
<ixm:attr name="CreationDate">20060202</ixm:attr>
<ixm:attr name="LastModificationDate">20130806</ixm:attr>
<mn:score>5.4711266</mn:score>
</srw:extraRecordData>
</srw:record>