
<srw:record>
<srw:recordSchema>marcxchange</srw:recordSchema>
<srw:recordPacking>xml</srw:recordPacking>
<srw:recordData>
<mxc:record xmlns:mxc="info:lc/xmlns/marcxchange-v2" format="INTERMARC" id="ark:/12148/cb17917490g" type="Authority">   <mxc:leader>00491c1 ap22000272  45  </mxc:leader>   <mxc:controlfield tag="001">FRBNF179174903</mxc:controlfield>   <mxc:controlfield tag="003">http://catalogue.bnf.fr/ark:/12148/cb17917490g</mxc:controlfield>   <mxc:controlfield tag="008">210107210113arspam          1925      2000                 a 1   </mxc:controlfield>   <mxc:datafield tag="045" ind1=" " ind2=" ">      <mxc:subfield code="a">a</mxc:subfield>   </mxc:datafield>   <mxc:datafield tag="100" ind1=" " ind2=" ">      <mxc:subfield code="w"> 0  b     </mxc:subfield>      <mxc:subfield code="a">Amable</mxc:subfield>      <mxc:subfield code="m">Hugo Wenceslao</mxc:subfield>      <mxc:subfield code="d">1925-2000</mxc:subfield>   </mxc:datafield>   <mxc:datafield tag="400" ind1=" " ind2=" ">      <mxc:subfield code="w">    b     </mxc:subfield>      <mxc:subfield code="a">Amable</mxc:subfield>      <mxc:subfield code="m">Hugo Wenceslao Roque</mxc:subfield>   </mxc:datafield>   <mxc:datafield tag="400" ind1=" " ind2=" ">      <mxc:subfield code="w">    b     </mxc:subfield>      <mxc:subfield code="a">Amable</mxc:subfield>      <mxc:subfield code="m">Hugo W.</mxc:subfield>   </mxc:datafield>   <mxc:datafield tag="400" ind1=" " ind2=" ">      <mxc:subfield code="w">    b     </mxc:subfield>      <mxc:subfield code="a">Amable</mxc:subfield>      <mxc:subfield code="m">Hugo</mxc:subfield>   </mxc:datafield>   <mxc:datafield tag="600" ind1=" " ind2=" ">      <mxc:subfield code="a">Écrivain et journaliste</mxc:subfield>   </mxc:datafield>   <mxc:datafield tag="610" ind1=" " ind2=" ">      <mxc:subfield code="a">Narraciones, poemas e historietas literarias / Hugo W. Amable, 2018</mxc:subfield>   </mxc:datafield>   <mxc:datafield tag="610" ind1=" " ind2=" ">      <mxc:subfield code="a">Bibliothèque nationale, autorités, Argentine</mxc:subfield>      <mxc:subfield code="u">https://catalogo.bn.gov.ar/</mxc:subfield>      <mxc:subfield code="d">2021-01-13</mxc:subfield>   </mxc:datafield>
</mxc:record>      </srw:recordData>
<srw:recordIdentifier>ark:/12148/cb17917490g</srw:recordIdentifier>
<srw:recordPosition>9</srw:recordPosition>
<srw:extraRecordData>
<ixm:attr name="CreationDate">20210107</ixm:attr>
<ixm:attr name="LastModificationDate">20210113</ixm:attr>
<mn:score>5.4681983</mn:score>
</srw:extraRecordData>
</srw:record>