
<srw:record>
<srw:recordSchema>marcxchange</srw:recordSchema>
<srw:recordPacking>xml</srw:recordPacking>
<srw:recordData>
<mxc:record xmlns:mxc="info:lc/xmlns/marcxchange-v2" format="INTERMARC" id="ark:/12148/cb17818526q" type="Authority">   <mxc:leader>00635c1 ap22000272  45  </mxc:leader>   <mxc:controlfield tag="001">FRBNF17818526X</mxc:controlfield>   <mxc:controlfield tag="003">http://catalogue.bnf.fr/ark:/12148/cb17818526q</mxc:controlfield>   <mxc:controlfield tag="008">190613190711ptporm          1979                           a 1   </mxc:controlfield>   <mxc:datafield tag="045" ind1=" " ind2=" ">      <mxc:subfield code="a">a</mxc:subfield>   </mxc:datafield>   <mxc:datafield tag="100" ind1=" " ind2=" ">      <mxc:subfield code="w">.0..b.....</mxc:subfield>      <mxc:subfield code="a">Pereira</mxc:subfield>      <mxc:subfield code="m">Hugo Silveira</mxc:subfield>      <mxc:subfield code="d">1979-....</mxc:subfield>   </mxc:datafield>   <mxc:datafield tag="400" ind1=" " ind2=" ">      <mxc:subfield code="w">....b.....</mxc:subfield>      <mxc:subfield code="a">Silveira Pereira</mxc:subfield>      <mxc:subfield code="m">Hugo</mxc:subfield>   </mxc:datafield>   <mxc:datafield tag="400" ind1=" " ind2=" ">      <mxc:subfield code="w">....b.....</mxc:subfield>      <mxc:subfield code="a">Pereira</mxc:subfield>      <mxc:subfield code="m">Hugo José Silveira da Silva</mxc:subfield>   </mxc:datafield>   <mxc:datafield tag="610" ind1=" " ind2=" ">      <mxc:subfield code="a">A Linha do Tua : (1851-2008) / Hugo Silveira Pereira (coordenador de edição), 2017</mxc:subfield>   </mxc:datafield>   <mxc:datafield tag="610" ind1=" " ind2=" ">      <mxc:subfield code="a">VIAF : Bibliothèque nationale du Portugal : Pereira, Hugo Silveira, 1979-</mxc:subfield>      <mxc:subfield code="u">http://viaf.org/viaf/388148704179236931134</mxc:subfield>      <mxc:subfield code="d">2019-07-11</mxc:subfield>      <mxc:subfield code="a">VIAF : Bibliothèque nationale du Portugal : Pereira, Hugo José Silveira da Silva, 1979-</mxc:subfield>      <mxc:subfield code="u">http://viaf.org/viaf/120659748</mxc:subfield>      <mxc:subfield code="d">2019-07-11</mxc:subfield>   </mxc:datafield>
</mxc:record>      </srw:recordData>
<srw:recordIdentifier>ark:/12148/cb17818526q</srw:recordIdentifier>
<srw:recordPosition>11</srw:recordPosition>
<srw:extraRecordData>
<ixm:attr name="CreationDate">20190613</ixm:attr>
<ixm:attr name="LastModificationDate">20190711</ixm:attr>
<mn:score>5.4258213</mn:score>
</srw:extraRecordData>
</srw:record>