
<srw:record>
<srw:recordSchema>marcxchange</srw:recordSchema>
<srw:recordPacking>xml</srw:recordPacking>
<srw:recordData>
<mxc:record xmlns:mxc="info:lc/xmlns/marcxchange-v2" format="INTERMARC" id="ark:/12148/cb15570663q" type="Authority">   <mxc:leader>00551c1 ap22000272  45  </mxc:leader>   <mxc:controlfield tag="001">FRBNF155706632</mxc:controlfield>   <mxc:controlfield tag="003">http://catalogue.bnf.fr/ark:/12148/cb15570663q</mxc:controlfield>   <mxc:controlfield tag="008">071009071108gbengm          19..                           a 1   </mxc:controlfield>   <mxc:datafield tag="031" ind1=" " ind2=" ">      <mxc:subfield code="a">0000000357343269</mxc:subfield>      <mxc:subfield code="2">ISNI</mxc:subfield>      <mxc:subfield code="d">20161108</mxc:subfield>   </mxc:datafield>   <mxc:datafield tag="031" ind1=" " ind2=" ">      <mxc:subfield code="z">0000000081092939</mxc:subfield>      <mxc:subfield code="2">VIAF</mxc:subfield>      <mxc:subfield code="d">20130806</mxc:subfield>   </mxc:datafield>   <mxc:datafield tag="045" ind1=" " ind2=" ">      <mxc:subfield code="a">a</mxc:subfield>   </mxc:datafield>   <mxc:datafield tag="100" ind1=" " ind2=" ">      <mxc:subfield code="w">.0..b.....</mxc:subfield>      <mxc:subfield code="a">McPherson</mxc:subfield>      <mxc:subfield code="m">Hugo</mxc:subfield>   </mxc:datafield>   <mxc:datafield tag="400" ind1=" " ind2=" ">      <mxc:subfield code="w">....b.....</mxc:subfield>      <mxc:subfield code="a">Mac Pherson</mxc:subfield>      <mxc:subfield code="m">Hugo</mxc:subfield>   </mxc:datafield>   <mxc:datafield tag="400" ind1=" " ind2=" ">      <mxc:subfield code="w">....b.....</mxc:subfield>      <mxc:subfield code="a">MacPherson</mxc:subfield>      <mxc:subfield code="m">Hugo</mxc:subfield>   </mxc:datafield>   <mxc:datafield tag="400" ind1=" " ind2=" ">      <mxc:subfield code="w">....b.....</mxc:subfield>      <mxc:subfield code="a">Mc Pherson</mxc:subfield>      <mxc:subfield code="m">Hugo</mxc:subfield>   </mxc:datafield>   <mxc:datafield tag="600" ind1=" " ind2=" ">      <mxc:subfield code="a">En poste, MEC International, Londres (en 2005)</mxc:subfield>   </mxc:datafield>   <mxc:datafield tag="610" ind1=" " ind2=" ">      <mxc:subfield code="a">Emerging threats to energy security and stability / ed. by Hugo McPherson, 2005</mxc:subfield>   </mxc:datafield>   <mxc:datafield tag="610" ind1=" " ind2=" ">      <mxc:subfield code="a">LC Authorities</mxc:subfield>      <mxc:subfield code="u">http://authorities.loc.gov</mxc:subfield>      <mxc:subfield code="d">2007-10-09</mxc:subfield>   </mxc:datafield>
</mxc:record>      </srw:recordData>
<srw:recordIdentifier>ark:/12148/cb15570663q</srw:recordIdentifier>
<srw:recordPosition>12</srw:recordPosition>
<srw:extraRecordData>
<ixm:attr name="CreationDate">20071009</ixm:attr>
<ixm:attr name="LastModificationDate">20161108</ixm:attr>
<mn:score>5.413992</mn:score>
</srw:extraRecordData>
</srw:record>