
<srw:record>
<srw:recordSchema>marcxchange</srw:recordSchema>
<srw:recordPacking>xml</srw:recordPacking>
<srw:recordData>
<mxc:record xmlns:mxc="info:lc/xmlns/marcxchange-v2" format="INTERMARC" id="ark:/12148/cb10641762r" type="Authority">   <mxc:leader>00903c0 ap22000272  45  </mxc:leader>   <mxc:controlfield tag="001">FRBNF106417628</mxc:controlfield>   <mxc:controlfield tag="003">http://catalogue.bnf.fr/ark:/12148/cb10641762r</mxc:controlfield>   <mxc:controlfield tag="008">970701250725itlatm          1262    ? 1322                 a 1   </mxc:controlfield>   <mxc:datafield tag="031" ind1=" " ind2=" ">      <mxc:subfield code="a">0000000120292221</mxc:subfield>      <mxc:subfield code="2">ISNI</mxc:subfield>      <mxc:subfield code="d">20161107</mxc:subfield>   </mxc:datafield>   <mxc:datafield tag="045" ind1=" " ind2=" ">      <mxc:subfield code="a">a</mxc:subfield>   </mxc:datafield>   <mxc:datafield tag="100" ind1=" " ind2=" ">      <mxc:subfield code="w"> 1  b fre </mxc:subfield>      <mxc:subfield code="a">Hugues de Prato</mxc:subfield>      <mxc:subfield code="d">1262?-1322</mxc:subfield>   </mxc:datafield>   <mxc:datafield tag="100" ind1=" " ind2=" ">      <mxc:subfield code="w">.0..b.lat.</mxc:subfield>      <mxc:subfield code="a">Hugo de Prato</mxc:subfield>      <mxc:subfield code="d">1262?-1322</mxc:subfield>   </mxc:datafield>   <mxc:datafield tag="400" ind1=" " ind2=" ">      <mxc:subfield code="w">....b.....</mxc:subfield>      <mxc:subfield code="a">Hugo de Prato Florido</mxc:subfield>      <mxc:subfield code="d">1262?-1322</mxc:subfield>   </mxc:datafield>   <mxc:datafield tag="400" ind1=" " ind2=" ">      <mxc:subfield code="w">....b.....</mxc:subfield>      <mxc:subfield code="a">Hugo de Pratoflorido</mxc:subfield>      <mxc:subfield code="d">1262?-1322</mxc:subfield>   </mxc:datafield>   <mxc:datafield tag="400" ind1=" " ind2=" ">      <mxc:subfield code="w">....b.....</mxc:subfield>      <mxc:subfield code="a">Hugo de Vinacensibus</mxc:subfield>      <mxc:subfield code="d">1262?-1322</mxc:subfield>   </mxc:datafield>   <mxc:datafield tag="400" ind1=" " ind2=" ">      <mxc:subfield code="w">....b.....</mxc:subfield>      <mxc:subfield code="a">Hugo Pratensis</mxc:subfield>      <mxc:subfield code="d">1262?-1322</mxc:subfield>   </mxc:datafield>   <mxc:datafield tag="600" ind1=" " ind2=" ">      <mxc:subfield code="a">Dominicain</mxc:subfield>      <mxc:subfield code="a">Théologien</mxc:subfield>   </mxc:datafield>   <mxc:datafield tag="610" ind1=" " ind2=" ">      <mxc:subfield code="a">Sermones dominicales super Evangelia et Epistolas per totum annum, auctore Hugone de Prato Florido, ca 1472</mxc:subfield>   </mxc:datafield>   <mxc:datafield tag="610" ind1=" " ind2=" ">      <mxc:subfield code="a">CALMA ; Clavis SGL : Hugo de Prato</mxc:subfield>      <mxc:subfield code="a">Dict. spiritualité : Hugues de Prato, dominicain</mxc:subfield>      <mxc:subfield code="a">Scriptores ordinis praedicatorum medii aevi, 1970-1993 : Hugo de Prato (de Vinacensibus)</mxc:subfield>      <mxc:subfield code="a">BAMA</mxc:subfield>   </mxc:datafield>   <mxc:datafield tag="610" ind1=" " ind2=" ">      <mxc:subfield code="a">BN Cat. gén. : Hugo de Prato Florido (O. P.)</mxc:subfield>   </mxc:datafield>   <mxc:datafield tag="917" ind1=" " ind2=" ">      <mxc:subfield code="o">CRI</mxc:subfield>      <mxc:subfield code="a">CG014204370201R</mxc:subfield>   </mxc:datafield>   <mxc:datafield tag="996" ind1=" " ind2=" ">      <mxc:subfield code="o">OPP</mxc:subfield>      <mxc:subfield code="a">10044797</mxc:subfield>      <mxc:subfield code="d">20250725</mxc:subfield>   </mxc:datafield>
</mxc:record>      </srw:recordData>
<srw:recordIdentifier>ark:/12148/cb10641762r</srw:recordIdentifier>
<srw:recordPosition>13</srw:recordPosition>
<srw:extraRecordData>
<ixm:attr name="CreationDate">19970701</ixm:attr>
<ixm:attr name="LastModificationDate">20250725</ixm:attr>
<mn:score>5.407039</mn:score>
</srw:extraRecordData>
</srw:record>