
<srw:record>
<srw:recordSchema>marcxchange</srw:recordSchema>
<srw:recordPacking>xml</srw:recordPacking>
<srw:recordData>
<mxc:record xmlns:mxc="info:lc/xmlns/marcxchange-v2" format="INTERMARC" id="ark:/12148/cb12343063d" type="Authority">   <mxc:leader>00453n1 ap22000272  45  </mxc:leader>   <mxc:controlfield tag="001">FRBNF123430631</mxc:controlfield>   <mxc:controlfield tag="003">http://catalogue.bnf.fr/ark:/12148/cb12343063d</mxc:controlfield>   <mxc:controlfield tag="008">931021      bospa           1933                           a 1   </mxc:controlfield>   <mxc:datafield tag="045" ind1=" " ind2=" ">      <mxc:subfield code="a">a</mxc:subfield>   </mxc:datafield>   <mxc:datafield tag="100" ind1=" " ind2=" ">      <mxc:subfield code="w">.0..b.....</mxc:subfield>      <mxc:subfield code="a">Viscarra Rodríguez</mxc:subfield>      <mxc:subfield code="m">Víctor Hugo</mxc:subfield>      <mxc:subfield code="d">1933-....</mxc:subfield>   </mxc:datafield>   <mxc:datafield tag="400" ind1=" " ind2=" ">      <mxc:subfield code="w">. . b.....</mxc:subfield>      <mxc:subfield code="a">Rodríguez</mxc:subfield>      <mxc:subfield code="m">Víctor Hugo Viscarra</mxc:subfield>   </mxc:datafield>   <mxc:datafield tag="400" ind1=" " ind2=" ">      <mxc:subfield code="w">. . b.....</mxc:subfield>      <mxc:subfield code="a">Viscarra R.</mxc:subfield>      <mxc:subfield code="m">Víctor Hugo</mxc:subfield>   </mxc:datafield>   <mxc:datafield tag="600" ind1=" " ind2=" ">      <mxc:subfield code="a">Sociologue</mxc:subfield>      <mxc:subfield code="a">Essayiste</mxc:subfield>      <mxc:subfield code="a">Conteur</mxc:subfield>      <mxc:subfield code="a">Poète</mxc:subfield>   </mxc:datafield>   <mxc:datafield tag="610" ind1=" " ind2=" ">      <mxc:subfield code="a">Coba : lenguaje secreto del hampa boliviana / Víctor Hugo Viscarra R., 1991</mxc:subfield>   </mxc:datafield>   <mxc:datafield tag="907" ind1=" " ind2=" ">      <mxc:subfield code="o">GEA</mxc:subfield>      <mxc:subfield code="a">004679239</mxc:subfield>   </mxc:datafield>   <mxc:datafield tag="917" ind1=" " ind2=" ">      <mxc:subfield code="o">OPL</mxc:subfield>      <mxc:subfield code="a">009359378</mxc:subfield>   </mxc:datafield>
</mxc:record>      </srw:recordData>
<srw:recordIdentifier>ark:/12148/cb12343063d</srw:recordIdentifier>
<srw:recordPosition>16</srw:recordPosition>
<srw:extraRecordData>
<ixm:attr name="CreationDate">19931021</ixm:attr>
<ixm:attr name="LastModificationDate">19931021</ixm:attr>
<mn:score>5.363293</mn:score>
</srw:extraRecordData>
</srw:record>