
<srw:record>
<srw:recordSchema>marcxchange</srw:recordSchema>
<srw:recordPacking>xml</srw:recordPacking>
<srw:recordData>
<mxc:record xmlns:mxc="info:lc/xmlns/marcxchange-v2" format="INTERMARC" id="ark:/12148/cb17047827w" type="Authority">   <mxc:leader>00397c1 ap2200027   45  </mxc:leader>   <mxc:controlfield tag="001">FRBNF170478278</mxc:controlfield>   <mxc:controlfield tag="003">http://catalogue.bnf.fr/ark:/12148/cb17047827w</mxc:controlfield>   <mxc:controlfield tag="008">160523160524frfrem          19980314                       a 1   </mxc:controlfield>   <mxc:datafield tag="031" ind1=" " ind2=" ">      <mxc:subfield code="a">0000000459620589</mxc:subfield>      <mxc:subfield code="2">ISNI</mxc:subfield>      <mxc:subfield code="d">20170201</mxc:subfield>   </mxc:datafield>   <mxc:datafield tag="045" ind1=" " ind2=" ">      <mxc:subfield code="a">a</mxc:subfield>   </mxc:datafield>   <mxc:datafield tag="100" ind1=" " ind2=" ">      <mxc:subfield code="w"> 0  b     </mxc:subfield>      <mxc:subfield code="a">Moley-Cirot</mxc:subfield>      <mxc:subfield code="m">Hugo</mxc:subfield>      <mxc:subfield code="d">1998-....</mxc:subfield>   </mxc:datafield>   <mxc:datafield tag="400" ind1=" " ind2=" ">      <mxc:subfield code="w">    b     </mxc:subfield>      <mxc:subfield code="a">Cirot</mxc:subfield>      <mxc:subfield code="m">Hugo Moley-</mxc:subfield>      <mxc:subfield code="d">1998-....</mxc:subfield>   </mxc:datafield>   <mxc:datafield tag="610" ind1=" " ind2=" ">      <mxc:subfield code="a">Je suis un paradoxe. [Texte imprimé] : décembre 2014 - septembre 2015 / Hugo Moley-Cirot. - [Niort] : Hugo Moley-Cirot, DL 2015.</mxc:subfield>   </mxc:datafield>
</mxc:record>      </srw:recordData>
<srw:recordIdentifier>ark:/12148/cb17047827w</srw:recordIdentifier>
<srw:recordPosition>20</srw:recordPosition>
<srw:extraRecordData>
<ixm:attr name="CreationDate">20160523</ixm:attr>
<ixm:attr name="LastModificationDate">20170201</ixm:attr>
<mn:score>5.363293</mn:score>
</srw:extraRecordData>
</srw:record>