
<srw:record>
<srw:recordSchema>marcxchange</srw:recordSchema>
<srw:recordPacking>xml</srw:recordPacking>
<srw:recordData>
<mxc:record xmlns:mxc="info:lc/xmlns/marcxchange-v2" format="INTERMARC" id="ark:/12148/cb180938300" type="Authority">   <mxc:leader>00297n1 ap2200027   45  </mxc:leader>   <mxc:controlfield tag="001">FRBNF180938305</mxc:controlfield>   <mxc:controlfield tag="003">http://catalogue.bnf.fr/ark:/12148/cb180938300</mxc:controlfield>   <mxc:controlfield tag="008">230726      frfrem          19910305                       a 1   </mxc:controlfield>   <mxc:datafield tag="031" ind1=" " ind2=" ">      <mxc:subfield code="a">0000000512431825</mxc:subfield>      <mxc:subfield code="2">ISNI</mxc:subfield>      <mxc:subfield code="d">20230802</mxc:subfield>   </mxc:datafield>   <mxc:datafield tag="045" ind1=" " ind2=" ">      <mxc:subfield code="a">a</mxc:subfield>   </mxc:datafield>   <mxc:datafield tag="100" ind1=" " ind2=" ">      <mxc:subfield code="w"> 0  b     </mxc:subfield>      <mxc:subfield code="a">Drelon</mxc:subfield>      <mxc:subfield code="m">Hugo</mxc:subfield>      <mxc:subfield code="d">1991-....</mxc:subfield>   </mxc:datafield>   <mxc:datafield tag="610" ind1=" " ind2=" ">      <mxc:subfield code="a">Le continent-prison / Hugo Drelon. - [Paris] : Hugo Drelon, [2017]. - [Texte noté]</mxc:subfield>   </mxc:datafield>
</mxc:record>      </srw:recordData>
<srw:recordIdentifier>ark:/12148/cb180938300</srw:recordIdentifier>
<srw:recordPosition>21</srw:recordPosition>
<srw:extraRecordData>
<ixm:attr name="CreationDate">20230726</ixm:attr>
<ixm:attr name="LastModificationDate">20230802</ixm:attr>
<mn:score>5.345396</mn:score>
</srw:extraRecordData>
</srw:record>