
<srw:record>
<srw:recordSchema>marcxchange</srw:recordSchema>
<srw:recordPacking>xml</srw:recordPacking>
<srw:recordData>
<mxc:record xmlns:mxc="info:lc/xmlns/marcxchange-v2" format="INTERMARC" id="ark:/12148/cb17872373g" type="Authority">   <mxc:leader>00291n1 ap2200027   45  </mxc:leader>   <mxc:controlfield tag="001">FRBNF178723733</mxc:controlfield>   <mxc:controlfield tag="003">http://catalogue.bnf.fr/ark:/12148/cb17872373g</mxc:controlfield>   <mxc:controlfield tag="008">200306      frfrem          19..                           a 1   </mxc:controlfield>   <mxc:datafield tag="031" ind1=" " ind2=" ">      <mxc:subfield code="a">0000000503858181</mxc:subfield>      <mxc:subfield code="2">ISNI</mxc:subfield>      <mxc:subfield code="d">20211013</mxc:subfield>   </mxc:datafield>   <mxc:datafield tag="045" ind1=" " ind2=" ">      <mxc:subfield code="a">a</mxc:subfield>   </mxc:datafield>   <mxc:datafield tag="100" ind1=" " ind2=" ">      <mxc:subfield code="w"> 0  b     </mxc:subfield>      <mxc:subfield code="a">Viaules</mxc:subfield>      <mxc:subfield code="m">Hugo</mxc:subfield>   </mxc:datafield>   <mxc:datafield tag="610" ind1=" " ind2=" ">      <mxc:subfield code="a">Pour sa survie / Hugo Viaules. - [S.l.] : Hugo Viaules, copyright 2019. - [Texte noté]</mxc:subfield>   </mxc:datafield>
</mxc:record>      </srw:recordData>
<srw:recordIdentifier>ark:/12148/cb17872373g</srw:recordIdentifier>
<srw:recordPosition>22</srw:recordPosition>
<srw:extraRecordData>
<ixm:attr name="CreationDate">20200306</ixm:attr>
<ixm:attr name="LastModificationDate">20211013</ixm:attr>
<mn:score>5.345396</mn:score>
</srw:extraRecordData>
</srw:record>