
<srw:record>
<srw:recordSchema>marcxchange</srw:recordSchema>
<srw:recordPacking>xml</srw:recordPacking>
<srw:recordData>
<mxc:record xmlns:mxc="info:lc/xmlns/marcxchange-v2" format="INTERMARC" id="ark:/12148/cb16131425g" type="Authority">   <mxc:leader>00313n1 ap22000272  45  </mxc:leader>   <mxc:controlfield tag="001">FRBNF161314251</mxc:controlfield>   <mxc:controlfield tag="003">http://catalogue.bnf.fr/ark:/12148/cb16131425g</mxc:controlfield>   <mxc:controlfield tag="008">090908      xxeng           19..                           a 1   </mxc:controlfield>   <mxc:datafield tag="031" ind1=" " ind2=" ">      <mxc:subfield code="a">0000000071049726</mxc:subfield>      <mxc:subfield code="2">ISNI</mxc:subfield>      <mxc:subfield code="d">20161107</mxc:subfield>   </mxc:datafield>   <mxc:datafield tag="045" ind1=" " ind2=" ">      <mxc:subfield code="a">a</mxc:subfield>   </mxc:datafield>   <mxc:datafield tag="100" ind1=" " ind2=" ">      <mxc:subfield code="w">.0..b.....</mxc:subfield>      <mxc:subfield code="a">Lamdin-Whymark</mxc:subfield>      <mxc:subfield code="m">Hugo</mxc:subfield>   </mxc:datafield>   <mxc:datafield tag="400" ind1=" " ind2=" ">      <mxc:subfield code="w">....b.....</mxc:subfield>      <mxc:subfield code="a">Whymark</mxc:subfield>      <mxc:subfield code="m">Hugo Lamdin-</mxc:subfield>   </mxc:datafield>   <mxc:datafield tag="610" ind1=" " ind2=" ">      <mxc:subfield code="a">The residue of ritualised action / Hugo Lamdin-Whymark, 2008</mxc:subfield>   </mxc:datafield>
</mxc:record>      </srw:recordData>
<srw:recordIdentifier>ark:/12148/cb16131425g</srw:recordIdentifier>
<srw:recordPosition>23</srw:recordPosition>
<srw:extraRecordData>
<ixm:attr name="CreationDate">20090908</ixm:attr>
<ixm:attr name="LastModificationDate">20161108</ixm:attr>
<mn:score>5.345396</mn:score>
</srw:extraRecordData>
</srw:record>