
<srw:record>
<srw:recordSchema>marcxchange</srw:recordSchema>
<srw:recordPacking>xml</srw:recordPacking>
<srw:recordData>
<mxc:record xmlns:mxc="info:lc/xmlns/marcxchange-v2" format="INTERMARC" id="ark:/12148/cb123794538" type="Authority">   <mxc:leader>00830c0 ap22000272  45  </mxc:leader>   <mxc:controlfield tag="001">FRBNF123794535</mxc:controlfield>   <mxc:controlfield tag="003">http://catalogue.bnf.fr/ark:/12148/cb123794538</mxc:controlfield>   <mxc:controlfield tag="008">940321961017esspa           1948                           a 1   </mxc:controlfield>   <mxc:datafield tag="031" ind1=" " ind2=" ">      <mxc:subfield code="a">000000010906683X</mxc:subfield>      <mxc:subfield code="2">VIAF</mxc:subfield>      <mxc:subfield code="d">20130726</mxc:subfield>   </mxc:datafield>   <mxc:datafield tag="045" ind1=" " ind2=" ">      <mxc:subfield code="a">a</mxc:subfield>   </mxc:datafield>   <mxc:datafield tag="100" ind1=" " ind2=" ">      <mxc:subfield code="w">.0..b.....</mxc:subfield>      <mxc:subfield code="a">O'Donnell</mxc:subfield>      <mxc:subfield code="m">Hugo</mxc:subfield>      <mxc:subfield code="d">1948-....</mxc:subfield>   </mxc:datafield>   <mxc:datafield tag="400" ind1=" " ind2=" ">      <mxc:subfield code="w">. . b.....</mxc:subfield>      <mxc:subfield code="a">O'Donnell y Duque de Estrada</mxc:subfield>      <mxc:subfield code="m">Hugo José</mxc:subfield>   </mxc:datafield>   <mxc:datafield tag="400" ind1=" " ind2=" ">      <mxc:subfield code="w">. . b.....</mxc:subfield>      <mxc:subfield code="a">Duque de Estrada</mxc:subfield>      <mxc:subfield code="m">Hugo José O'Donnell y</mxc:subfield>   </mxc:datafield>   <mxc:datafield tag="400" ind1=" " ind2=" ">      <mxc:subfield code="w">. . b.....</mxc:subfield>      <mxc:subfield code="a">Estrada</mxc:subfield>      <mxc:subfield code="m">Hugo José O'Donnell y Duque de</mxc:subfield>   </mxc:datafield>   <mxc:datafield tag="600" ind1=" " ind2=" ">      <mxc:subfield code="a">Historien</mxc:subfield>      <mxc:subfield code="a">Avocat</mxc:subfield>      <mxc:subfield code="a">Capitaine d'infanterie de marine</mxc:subfield>      <mxc:subfield code="a">Comte de Lucena</mxc:subfield>   </mxc:datafield>   <mxc:datafield tag="610" ind1=" " ind2=" ">      <mxc:subfield code="a">España en el descubrimiento, conquista y defensa del mar del sur / Hugo O'Donnell, 1992</mxc:subfield>      <mxc:subfield code="a">El viaje a Chiloé de José de Moraleda (1787-1790) / Hugo O'Donnell y Duque de Estrada, 1990</mxc:subfield>   </mxc:datafield>   <mxc:datafield tag="610" ind1=" " ind2=" ">      <mxc:subfield code="a">Bibliogr., Espagne (CD), 1996-09 : O'Donnell y Duque de Estrada, Hugo José</mxc:subfield>      <mxc:subfield code="a">LCNA 1987-1994 : O'Donnell y Duque de Estrada, Hugo</mxc:subfield>   </mxc:datafield>   <mxc:datafield tag="907" ind1=" " ind2=" ">      <mxc:subfield code="o">GEA</mxc:subfield>      <mxc:subfield code="a">005101327</mxc:subfield>   </mxc:datafield>   <mxc:datafield tag="917" ind1=" " ind2=" ">      <mxc:subfield code="o">OPL</mxc:subfield>      <mxc:subfield code="a">010042065</mxc:subfield>   </mxc:datafield>
</mxc:record>      </srw:recordData>
<srw:recordIdentifier>ark:/12148/cb123794538</srw:recordIdentifier>
<srw:recordPosition>24</srw:recordPosition>
<srw:extraRecordData>
<ixm:attr name="CreationDate">19940321</ixm:attr>
<ixm:attr name="LastModificationDate">20130727</ixm:attr>
<mn:score>5.3410754</mn:score>
</srw:extraRecordData>
</srw:record>