
<srw:record>
<srw:recordSchema>marcxchange</srw:recordSchema>
<srw:recordPacking>xml</srw:recordPacking>
<srw:recordData>
<mxc:record xmlns:mxc="info:lc/xmlns/marcxchange-v2" format="INTERMARC" id="ark:/12148/cb13197638n" type="Authority">   <mxc:leader>00989c0 ap22000272  45  </mxc:leader>   <mxc:controlfield tag="001">FRBNF131976384</mxc:controlfield>   <mxc:controlfield tag="003">http://catalogue.bnf.fr/ark:/12148/cb13197638n</mxc:controlfield>   <mxc:controlfield tag="008">960822231103degerm          18670809  19490219             a 1   </mxc:controlfield>   <mxc:datafield tag="031" ind1=" " ind2=" ">      <mxc:subfield code="a">0000000109363471</mxc:subfield>      <mxc:subfield code="2">ISNI</mxc:subfield>      <mxc:subfield code="d">20170818</mxc:subfield>   </mxc:datafield>   <mxc:datafield tag="045" ind1=" " ind2=" ">      <mxc:subfield code="a">a</mxc:subfield>   </mxc:datafield>   <mxc:datafield tag="100" ind1=" " ind2=" ">      <mxc:subfield code="w">.0..b.....</mxc:subfield>      <mxc:subfield code="a">Lindemann</mxc:subfield>      <mxc:subfield code="m">Hugo</mxc:subfield>      <mxc:subfield code="d">1867-1949</mxc:subfield>   </mxc:datafield>   <mxc:datafield tag="400" ind1=" " ind2=" ">      <mxc:subfield code="w">....b.....</mxc:subfield>      <mxc:subfield code="a">Lindemann</mxc:subfield>      <mxc:subfield code="m">Carl Hugo</mxc:subfield>   </mxc:datafield>   <mxc:datafield tag="400" ind1=" " ind2=" ">      <mxc:subfield code="w">....b.....</mxc:subfield>      <mxc:subfield code="a">Lindemann</mxc:subfield>      <mxc:subfield code="m">Charles Hugo</mxc:subfield>   </mxc:datafield>   <mxc:datafield tag="400" ind1=" " ind2=" ">      <mxc:subfield code="w">...2b.....</mxc:subfield>      <mxc:subfield code="a">Hugo</mxc:subfield>      <mxc:subfield code="m">C.</mxc:subfield>      <mxc:subfield code="d">1867-1949</mxc:subfield>   </mxc:datafield>   <mxc:datafield tag="400" ind1=" " ind2=" ">      <mxc:subfield code="w">...2b.....</mxc:subfield>      <mxc:subfield code="a">C. Hugo</mxc:subfield>      <mxc:subfield code="d">1867-1949</mxc:subfield>   </mxc:datafield>   <mxc:datafield tag="600" ind1=" " ind2=" ">      <mxc:subfield code="a">Docteur en philosophie, Kiel (1889)</mxc:subfield>      <mxc:subfield code="a">Théoricien des doctrines socialistes</mxc:subfield>      <mxc:subfield code="a">Homme politique</mxc:subfield>   </mxc:datafield>   <mxc:datafield tag="603" ind1=" " ind2=" ">      <mxc:subfield code="a">Jaguarão (Brésil)</mxc:subfield>      <mxc:subfield code="b">Bensheim (Allemagne)</mxc:subfield>   </mxc:datafield>   <mxc:datafield tag="610" ind1=" " ind2=" ">      <mxc:subfield code="a">Vorläufer des neueren Sozialismus. Tome 4 / Hugo Lindemann, Morris Hillquit, 1977</mxc:subfield>      <mxc:subfield code="a">Handbuch des Sozialismus / C. Stegmann et C. Hugo, 1995 [document électronique : reprod. de l'éd. de 1976]</mxc:subfield>   </mxc:datafield>   <mxc:datafield tag="610" ind1=" " ind2=" ">      <mxc:subfield code="a">Bibliothèque nationale, autorités, Allemagne</mxc:subfield>      <mxc:subfield code="u">https://d-nb.info/gnd/123303990</mxc:subfield>      <mxc:subfield code="d">2023-11-03</mxc:subfield>      <mxc:subfield code="a">Larousse 20e s. : Lindemann (Charles Hugo)</mxc:subfield>   </mxc:datafield>   <mxc:datafield tag="610" ind1=" " ind2=" ">      <mxc:subfield code="a">BN Cat. gén.</mxc:subfield>   </mxc:datafield>   <mxc:datafield tag="612" ind1=" " ind2=" ">      <mxc:subfield code="a">Kürschners dtsch. Gel.-Kal., 1983</mxc:subfield>   </mxc:datafield>   <mxc:datafield tag="907" ind1=" " ind2=" ">      <mxc:subfield code="o">GEA</mxc:subfield>      <mxc:subfield code="a">006840004</mxc:subfield>   </mxc:datafield>   <mxc:datafield tag="917" ind1=" " ind2=" ">      <mxc:subfield code="o">OPL</mxc:subfield>      <mxc:subfield code="a">012755672</mxc:subfield>   </mxc:datafield>   <mxc:datafield tag="996" ind1=" " ind2=" ">      <mxc:subfield code="o">OPP</mxc:subfield>      <mxc:subfield code="a">10631755</mxc:subfield>      <mxc:subfield code="d">20231103</mxc:subfield>   </mxc:datafield>
</mxc:record>      </srw:recordData>
<srw:recordIdentifier>ark:/12148/cb13197638n</srw:recordIdentifier>
<srw:recordPosition>25</srw:recordPosition>
<srw:extraRecordData>
<ixm:attr name="CreationDate">19960917</ixm:attr>
<ixm:attr name="LastModificationDate">20231103</ixm:attr>
<mn:score>5.3410754</mn:score>
</srw:extraRecordData>
</srw:record>