
<srw:record>
<srw:recordSchema>marcxchange</srw:recordSchema>
<srw:recordPacking>xml</srw:recordPacking>
<srw:recordData>
<mxc:record xmlns:mxc="info:lc/xmlns/marcxchange-v2" format="INTERMARC" id="ark:/12148/cb14037951d" type="Authority">   <mxc:leader>00473c1 ap22000272  45  </mxc:leader>   <mxc:controlfield tag="001">FRBNF14037951X</mxc:controlfield>   <mxc:controlfield tag="003">http://catalogue.bnf.fr/ark:/12148/cb14037951d</mxc:controlfield>   <mxc:controlfield tag="008">010213010213mx   m          19540406                       a 1  1</mxc:controlfield>   <mxc:datafield tag="045" ind1=" " ind2=" ">      <mxc:subfield code="a">a</mxc:subfield>   </mxc:datafield>   <mxc:datafield tag="100" ind1=" " ind2=" ">      <mxc:subfield code="w"> 0  b     </mxc:subfield>      <mxc:subfield code="a">Najera Oliver</mxc:subfield>      <mxc:subfield code="m">Hugo</mxc:subfield>      <mxc:subfield code="d">1954-....</mxc:subfield>   </mxc:datafield>   <mxc:datafield tag="400" ind1=" " ind2=" ">      <mxc:subfield code="w">    b     </mxc:subfield>      <mxc:subfield code="a">Oliver</mxc:subfield>      <mxc:subfield code="m">Hugo Najera</mxc:subfield>   </mxc:datafield>   <mxc:datafield tag="400" ind1=" " ind2=" ">      <mxc:subfield code="w">    b     </mxc:subfield>      <mxc:subfield code="a">Najera</mxc:subfield>      <mxc:subfield code="m">Hugo</mxc:subfield>   </mxc:datafield>   <mxc:datafield tag="600" ind1=" " ind2=" ">      <mxc:subfield code="a">Vétérinaire spécialiste en génétique</mxc:subfield>      <mxc:subfield code="a">Auteur de logiciel</mxc:subfield>   </mxc:datafield>   <mxc:datafield tag="610" ind1=" " ind2=" ">      <mxc:subfield code="a">Les petites histoires du serpent = Los cuentos de la serpiente / Hugo Najera Oliver, 1999</mxc:subfield>   </mxc:datafield>   <mxc:datafield tag="917" ind1=" " ind2=" ">      <mxc:subfield code="o">OPC</mxc:subfield>      <mxc:subfield code="a">101836440</mxc:subfield>   </mxc:datafield>
</mxc:record>      </srw:recordData>
<srw:recordIdentifier>ark:/12148/cb14037951d</srw:recordIdentifier>
<srw:recordPosition>26</srw:recordPosition>
<srw:extraRecordData>
<ixm:attr name="CreationDate">20010213</ixm:attr>
<ixm:attr name="LastModificationDate">20010213</ixm:attr>
<mn:score>5.330669</mn:score>
</srw:extraRecordData>
</srw:record>