
<srw:record>
<srw:recordSchema>marcxchange</srw:recordSchema>
<srw:recordPacking>xml</srw:recordPacking>
<srw:recordData>
<mxc:record xmlns:mxc="info:lc/xmlns/marcxchange-v2" format="INTERMARC" id="ark:/12148/cb18216205j" type="Authority">   <mxc:leader>00458c1 ap2200027   45  </mxc:leader>   <mxc:controlfield tag="001">FRBNF18216205X</mxc:controlfield>   <mxc:controlfield tag="003">http://catalogue.bnf.fr/ark:/12148/cb18216205j</mxc:controlfield>   <mxc:controlfield tag="008">250520250520frfrem          12..      1320                 a 1   </mxc:controlfield>   <mxc:datafield tag="031" ind1=" " ind2=" ">      <mxc:subfield code="a">0000000527294456</mxc:subfield>      <mxc:subfield code="2">ISNI</mxc:subfield>      <mxc:subfield code="d">20250528</mxc:subfield>   </mxc:datafield>   <mxc:datafield tag="045" ind1=" " ind2=" ">      <mxc:subfield code="a">a</mxc:subfield>   </mxc:datafield>   <mxc:datafield tag="100" ind1=" " ind2=" ">      <mxc:subfield code="w">.0..b.....</mxc:subfield>      <mxc:subfield code="a">Hugo de Besançon</mxc:subfield>   </mxc:datafield>   <mxc:datafield tag="400" ind1=" " ind2=" ">      <mxc:subfield code="w">....b.....</mxc:subfield>      <mxc:subfield code="a">Hugo de Bisuncio</mxc:subfield>   </mxc:datafield>   <mxc:datafield tag="400" ind1=" " ind2=" ">      <mxc:subfield code="w">....b.....</mxc:subfield>      <mxc:subfield code="a">Magister Hugo de Bisuncio</mxc:subfield>   </mxc:datafield>   <mxc:datafield tag="600" ind1=" " ind2=" ">      <mxc:subfield code="a">Chantre de Notre-Dame de Paris</mxc:subfield>   </mxc:datafield>   <mxc:datafield tag="600" ind1=" " ind2=" ">      <mxc:subfield code="a">Le manuscrits Latin 5185CC comporte un obit fondé pour Maître Hugo de Besançon</mxc:subfield>   </mxc:datafield>
</mxc:record>      </srw:recordData>
<srw:recordIdentifier>ark:/12148/cb18216205j</srw:recordIdentifier>
<srw:recordPosition>27</srw:recordPosition>
<srw:extraRecordData>
<ixm:attr name="CreationDate">20250520</ixm:attr>
<ixm:attr name="LastModificationDate">20250528</ixm:attr>
<mn:score>5.330669</mn:score>
</srw:extraRecordData>
</srw:record>