
<srw:record>
<srw:recordSchema>marcxchange</srw:recordSchema>
<srw:recordPacking>xml</srw:recordPacking>
<srw:recordData>
<mxc:record xmlns:mxc="info:lc/xmlns/marcxchange-v2" format="INTERMARC" id="ark:/12148/cb18205126s" type="Authority">   <mxc:leader>00481n1 ap2200027   45  </mxc:leader>   <mxc:controlfield tag="001">FRBNF182051266</mxc:controlfield>   <mxc:controlfield tag="003">http://catalogue.bnf.fr/ark:/12148/cb18205126s</mxc:controlfield>   <mxc:controlfield tag="008">250317      frfrem          1991                           a 1   </mxc:controlfield>   <mxc:datafield tag="045" ind1=" " ind2=" ">      <mxc:subfield code="a">a</mxc:subfield>   </mxc:datafield>   <mxc:datafield tag="100" ind1=" " ind2=" ">      <mxc:subfield code="w"> 0  b     </mxc:subfield>      <mxc:subfield code="a">Bardin</mxc:subfield>      <mxc:subfield code="m">Hugo</mxc:subfield>      <mxc:subfield code="d">1991-....</mxc:subfield>   </mxc:datafield>   <mxc:datafield tag="600" ind1=" " ind2=" ">      <mxc:subfield code="a">Auteur, comédien, réalisateur et dragqueen</mxc:subfield>   </mxc:datafield>   <mxc:datafield tag="610" ind1=" " ind2=" ">      <mxc:subfield code="a">Paloma au pluriElles / Hugo Bardin, Hugo Michalet. - Rancon : Éditions Akata, DL 2024. - [Texte noté. Image fixe]</mxc:subfield>   </mxc:datafield>   <mxc:datafield tag="610" ind1=" " ind2=" ">      <mxc:subfield code="a">Cours Florent, page portraits</mxc:subfield>      <mxc:subfield code="u">https://www.coursflorent.fr/portraits/hugo-bardin</mxc:subfield>      <mxc:subfield code="d">2025-03-17</mxc:subfield>   </mxc:datafield>
</mxc:record>      </srw:recordData>
<srw:recordIdentifier>ark:/12148/cb18205126s</srw:recordIdentifier>
<srw:recordPosition>29</srw:recordPosition>
<srw:extraRecordData>
<ixm:attr name="CreationDate">20250317</ixm:attr>
<ixm:attr name="LastModificationDate">20250317</ixm:attr>
<mn:score>5.330669</mn:score>
</srw:extraRecordData>
</srw:record>