
<srw:record>
<srw:recordSchema>marcxchange</srw:recordSchema>
<srw:recordPacking>xml</srw:recordPacking>
<srw:recordData>
<mxc:record xmlns:mxc="info:lc/xmlns/marcxchange-v2" format="INTERMARC" id="ark:/12148/cb169946450" type="Authority">   <mxc:leader>00578c1 ap2200027   45  </mxc:leader>   <mxc:controlfield tag="001">FRBNF169946452</mxc:controlfield>   <mxc:controlfield tag="003">http://catalogue.bnf.fr/ark:/12148/cb169946450</mxc:controlfield>   <mxc:controlfield tag="008">151001160115fr   m          19841025                       a 1   </mxc:controlfield>   <mxc:datafield tag="045" ind1=" " ind2=" ">      <mxc:subfield code="a">i</mxc:subfield>      <mxc:subfield code="d">g</mxc:subfield>   </mxc:datafield>   <mxc:datafield tag="100" ind1=" " ind2=" ">      <mxc:subfield code="w">.0.2b.....</mxc:subfield>      <mxc:subfield code="a">Kepler</mxc:subfield>      <mxc:subfield code="m">Hugo</mxc:subfield>      <mxc:subfield code="d">1984-....</mxc:subfield>   </mxc:datafield>   <mxc:datafield tag="301" ind1=" " ind2=" ">      <mxc:subfield code="3">14166909</mxc:subfield>      <mxc:subfield code="w"> 0  b     </mxc:subfield>      <mxc:subfield code="a">Coulais</mxc:subfield>      <mxc:subfield code="m">Hugo</mxc:subfield>      <mxc:subfield code="d">1984-....</mxc:subfield>   </mxc:datafield>   <mxc:datafield tag="511" ind1=" " ind2=" ">      <mxc:subfield code="3">16994646</mxc:subfield>      <mxc:subfield code="w">20..b.....</mxc:subfield>      <mxc:subfield code="a">A ghajatta</mxc:subfield>   </mxc:datafield>   <mxc:datafield tag="600" ind1=" " ind2=" ">      <mxc:subfield code="a">Pseudonyme d'Hugo Coulais</mxc:subfield>      <mxc:subfield code="a">Auteur-compositeur-interprète</mxc:subfield>   </mxc:datafield>   <mxc:datafield tag="606" ind1=" " ind2=" ">      <mxc:subfield code="u">http://www.hugokepler.com/</mxc:subfield>      <mxc:subfield code="d">2015-10-01</mxc:subfield>   </mxc:datafield>   <mxc:datafield tag="610" ind1=" " ind2=" ">      <mxc:subfield code="a">Four friends [Enregistrement sonore] / Hugo Kepler, 2015</mxc:subfield>   </mxc:datafield>   <mxc:datafield tag="610" ind1=" " ind2=" ">      <mxc:subfield code="a">BFMTV</mxc:subfield>      <mxc:subfield code="u">dirigeants.bfmtv.com/Hugo-COULAIS-1161176/</mxc:subfield>      <mxc:subfield code="d">2015-10-02</mxc:subfield>   </mxc:datafield>
</mxc:record>      </srw:recordData>
<srw:recordIdentifier>ark:/12148/cb169946450</srw:recordIdentifier>
<srw:recordPosition>30</srw:recordPosition>
<srw:extraRecordData>
<ixm:attr name="CreationDate">20151001</ixm:attr>
<ixm:attr name="LastModificationDate">20160115</ixm:attr>
<mn:score>5.330669</mn:score>
</srw:extraRecordData>
</srw:record>
</srw:records>
<srw:nextRecordPosition>31</srw:nextRecordPosition>
</srw:searchRetrieveResponse>
